<record><leader>00000cas a22000007a 4500</leader><controlfield tag="001">9447163</controlfield><controlfield tag="008">830425d18911893ksuwr ne      0    0eng d</controlfield><controlfield tag="009">3789</controlfield><datafield ind1=" " ind2=" " tag="010"><subfield code="a">sn 83040129 </subfield></datafield><datafield ind1=" " ind2=" " tag="040"><subfield code="a">KSH</subfield><subfield code="b">eng</subfield><subfield code="c">KSH</subfield><subfield code="d">NPT</subfield></datafield><datafield ind1="1" ind2=" " tag="029"><subfield code="a">AU@</subfield><subfield code="b">000025790072</subfield></datafield><datafield ind1=" " ind2=" " tag="042"><subfield code="a">msc</subfield></datafield><datafield ind1=" " ind2=" " tag="043"><subfield code="a">n-us-ks</subfield></datafield><datafield ind1="0" ind2="4" tag="245"><subfield code="a">The Atchison County graphic.</subfield></datafield><datafield ind1="0" ind2="0" tag="246"><subfield code="a">Graphic</subfield></datafield><datafield ind1=" " ind2=" " tag="260"><subfield code="a">[Effingham], Kan. :</subfield><subfield code="b">W.C. Adkins,</subfield><subfield code="c">1891-</subfield></datafield><datafield ind1=" " ind2=" " tag="300"><subfield code="a">v. :</subfield><subfield code="b">ill. ;</subfield><subfield code="c">55 cm.</subfield></datafield><datafield ind1=" " ind2=" " tag="310"><subfield code="a">Weekly</subfield></datafield><datafield ind1="0" ind2=" " tag="362"><subfield code="a">Vol. 2, no. 26 (Sept. 26, 1891)-</subfield></datafield><datafield ind1="1" ind2=" " tag="362"><subfield code="a">Ceased in Sept. 1893.</subfield></datafield><datafield ind1=" " ind2=" " tag="500"><subfield code="a">Published as: Graphic, May 28, 1892-Jan. 14, 1893.</subfield></datafield><datafield ind1=" " ind2=" " tag="500"><subfield code="a">Published for Effingham, Huron, and Lancaster, Sept. 26, 1891.</subfield></datafield><datafield ind1=" " ind2=" " tag="515"><subfield code="a">Numbering is irregular.</subfield></datafield><datafield ind1="1" ind2=" " tag="700"><subfield code="a">Adkins, W. C.</subfield></datafield><datafield ind1=" " ind2=" " tag="752"><subfield code="a">United States</subfield><subfield code="b">Kansas</subfield><subfield code="c">Atchison</subfield><subfield code="d">Effingham.</subfield></datafield><datafield ind1="0" ind2="0" tag="780"><subfield code="t">Effingham times</subfield><subfield code="w">(DLC)sn 83040128</subfield></datafield><datafield ind1="0" ind2="5" tag="780"><subfield code="t">Weekly journal (Effingham, Kan.)</subfield><subfield code="g">Feb. 1893</subfield><subfield code="w">(DLC)sn 83040140</subfield></datafield><datafield ind1="0" ind2="7" tag="785"><subfield code="t">People's press (Atchison, Kan.)</subfield><subfield code="w">(DLC)sn 83040142</subfield></datafield><datafield ind1="0" ind2="7" tag="785"><subfield code="t">Weekly graphic (Atchison, Kan.)</subfield><subfield code="w">(DLC)sn 86064512</subfield></datafield></record>